@inproceedings{kim2014lightweight,
  title={Lightweight source authentication and path validation},
  author={Kim, Tiffany Hyun-Jin and Basescu, Cristina and Jia, Limin and Lee, Soo Bum and Hu, Yih-Chun and Perrig, Adrian},
  booktitle={Proceedings of ACM SIGCOMM},
  year={2014}
}
@inproceedings{zeng2012automatic,
  title={Automatic test packet generation},
  author={Zeng, Hongyi and Kazemian, Peyman and Varghese, George and McKeown, Nick},
  booktitle={Proceedings of the 8th international conference on Emerging networking experiments and technologies},
  pages={241--252},
  year={2012},
  organization={ACM}
}
@inproceedings{liu2008passport,
  title={Passport: Secure and Adoptable Source Authentication.},
  author={Liu, Xin and Li, Ang and Yang, Xiaowei and Wetherall, David},
  booktitle={NSDI},
  volume={8},
  pages={365--378},
  year={2008}
}
@inproceedings{perrig2001efficient,
  title={Efficient and secure source authentication for multicast},
  author={Perrig, Adrian and Canetti, Ran and Song, Dawn and Tygar, J Doug},
  booktitle={Network and Distributed System Security Symposium, NDSS},
  volume={1},
  pages={35--46},
  year={2001}
}
@inproceedings{parno2008snapp,
  title={SNAPP: Stateless network-authenticated path pinning},
  author={Parno, Bryan and Perrig, Adrian and Andersen, Dave},
  booktitle={Proceedings of the 2008 ACM symposium on Information, computer and communications security},
  pages={168--178},
  year={2008},
  organization={ACM}
}
@inproceedings{zhao2005aggregated,
  title={Aggregated path authentication for efficient BGP security},
  author={Zhao, Meiyuan and Smith, Sean W and Nicol, David M},
  booktitle={Proceedings of the 12th ACM conference on Computer and communications security},
  pages={128--138},
  year={2005},
  organization={ACM}
}
@article{kent2000secure,
  title={Secure border gateway protocol (S-BGP)},
  author={Kent, Stephen and Lynn, Charles and Seo, Karen},
  journal={IEEE Journal on Selected areas in Communications},
  volume={18},
  number={4},
  pages={582--592},
  year={2000},
  publisher={IEEE}
}
@inproceedings{cai2015source,
  title={Source authentication and path validation with orthogonal network capabilities},
  author={Cai, Hao and Wolf, Tilman},
  booktitle={Computer Communications Workshops (INFOCOM WKSHPS), 2015 IEEE Conference on},
  pages={111--112},
  year={2015},
  organization={IEEE}
}
@inproceedings{zhang2016mind,
  title={Mind the Gap: Monitoring the Control-Data Plane Consistency in Software Defined Networks},
  author={Zhang, Peng and Li, Hao and Hu, Chengchen and Hu, Liujia and Xiong, Lei and Wang, Ruilong and Zhang, Yuemei},
  booktitle={Proceedings of the 12th International on Conference on emerging Networking EXperiments and Technologies},
  pages={19--33},
  year={2016},
  organization={ACM}
}
@article{bloom1970space,
  title={Space/time trade-offs in hash coding with allowable errors},
  author={Bloom, Burton H},
  journal={Communications of the ACM},
  volume={13},
  number={7},
  pages={422--426},
  year={1970},
  publisher={ACM}
}
@inproceedings{huffaker2002distance,
  title={Distance metrics in the Internet},
  author={Huffaker, Bradley and Fomenkov, Marina and Plummer, Daniel J and Moore, David and Claffy, K},
  booktitle={Proc. of IEEE international telecommunications symposium (ITS)},
  year={2002}
}
@misc{portionlargepkt,
   author = {CAIDA},
   title = {Passive Monitor: equinix-chicago},
   howpublished = {\url{http://www.caida.org/data/monitors/passive-equinix-chicago.xml}}
}
@inproceedings{basescu2016high,
  title={High-Speed Inter-Domain Fault Localization},
  author={Basescu, Cristina and Lin, Yue-Hsun and Zhang, Haoming and Perrig, Adrian},
  booktitle={Security and Privacy (SP), 2016 IEEE Symposium on},
  pages={859--877},
  year={2016},
  organization={IEEE}
}
@inproceedings{naous2011verifying,
  title={Verifying and enforcing network paths with icing},
  author={Naous, Jad and Walfish, Michael and Nicolosi, Antonio and Mazi{\`e}res, David and Miller, Michael and Seehra, Arun},
  booktitle={Proceedings of the Seventh COnference on emerging Networking EXperiments and Technologies},
  pages={30},
  year={2011},
  organization={ACM}
}
@inproceedings{barak2008protocols,
  title={Protocols and lower bounds for failure localization in the Internet},
  author={Barak, Boaz and Goldberg, Sharon and Xiao, David},
  booktitle={Annual International Conference on the Theory and Applications of Cryptographic Techniques},
  pages={341--360},
  year={2008},
  organization={Springer}
}
@inproceedings{hu2004spv,
  title={SPV: Secure path vector routing for securing BGP},
  author={Hu, Yih-Chun and Perrig, Adrian and Sirbu, Marvin},
  booktitle={ACM SIGCOMM Computer Communication Review},
  volume={34},
  number={4},
  pages={179--192},
  year={2004},
  organization={ACM}
}
@inproceedings{murphy1996digital,
  title={Digital signature protection of the OSPF routing protocol},
  author={Murphy, Sandra L and Badger, Madelyn R},
  booktitle={Network and Distributed System Security, 1996., Proceedings of the Symposium on},
  pages={93--102},
  year={1996},
  organization={IEEE}
}
@inproceedings{john2010estimating,
  title={Estimating routing symmetry on single links by passive flow measurements},
  author={John, Wolfgang and Dusi, Maurizio and Claffy, Kimberly C},
  booktitle={Proceedings of the 6th International Wireless Communications and Mobile Computing Conference},
  pages={473--478},
  year={2010},
  organization={ACM}
}
@misc{tmi,
   author = {CAIDA},
   title = {round-trip time internet measurements},
   howpublished = {\url{http://www.caida.org/research/performance/rtt/walrus0202/}}
}
@article{kohler2000click,
  title={The Click modular router},
  author={Kohler, Eddie and Morris, Robert and Chen, Benjie and Jannotti, John and Kaashoek, M Frans},
  journal={ACM Transactions on Computer Systems (TOCS)},
  volume={18},
  number={3},
  pages={263--297},
  year={2000},
  publisher={ACM}
}
@article{tirumala2005iperf,
  title={Iperf: The TCP/UDP bandwidth measurement tool},
  author={Tirumala, Ajay and Qin, Feng and Dugan, Jon and Ferguson, Jim and Gibbs, Kevin},
  journal={htt p://dast. nlanr. net/Projects},
  year={2005}
}
@inproceedings{zhang2012shortmac,
  title={ShortMAC: Efficient Data-Plane Fault Localization.},
  author={Zhang, Xin and Zhou, Zongwei and Hsiao, Hsu-Chun and Kim, Tiffany Hyun-Jin and Perrig, Adrian and Tague, Patrick},
  booktitle={NDSS},
  year={2012}
}
@inproceedings{zhang2012secure,
  title={Secure and scalable fault localization under dynamic traffic patterns},
  author={Zhang, Xin and Lan, Chang and Perrig, Adrian},
  booktitle={Security and Privacy (SP), 2012 IEEE Symposium on},
  pages={317--331},
  year={2012},
  organization={IEEE}
}
@inproceedings{zhang2014mechanized,
  title={Mechanized network origin and path authenticity proofs},
  author={Zhang, Fuyuan and Jia, Limin and Basescu, Cristina and Kim, Tiffany Hyun-Jin and Hu, Yih-Chun and Perrig, Adrian},
  booktitle={Proceedings of the 2014 ACM SIGSAC Conference on Computer and Communications Security},
  pages={346--357},
  year={2014},
  organization={ACM}
}
@techreport{ng2004extensions,
  title={Extensions to BGP to support secure origin BGP (soBGP)},
  author={Ng, James and others},
  year={2004},
  institution={Internet Draft, Apr}
}
@inproceedings{goodell2003working,
  title={Working around BGP: An Incremental Approach to Improving Security and Accuracy in Interdomain Routing.},
  author={Goodell, Geoffrey and Aiello, William and Griffin, Timothy and Ioannidis, John and McDaniel, Patrick Drew and Rubin, Aviel D},
  booktitle={NDSS},
  volume={23},
  pages={156},
  year={2003}
}

@inproceedings{zhang2011network,
  title={Network fault localization with small TCB},
  author={Zhang, Xin and Zhou, Zongwei and Hasker, Geoff and Perrig, Adrian and Gligor, Virgil},
  booktitle={Network Protocols (ICNP), 2011 19th IEEE International Conference on},
  pages={143--154},
  year={2011},
  organization={IEEE}
}

@inproceedings{candolin2005packet,
  title={Packet level authentication in military networks},
  author={Candolin, Catharina and Lundberg, Janne and Kari, Hannu},
  booktitle={Proceedings of the 6th Australian Information Warfare \& IT Security Conference},
  year={2005}
}

@incollection{desmedt2011man,
  title={Man-in-the-middle attack},
  author={Desmedt, Yvo},
  booktitle={Encyclopedia of cryptography and security},
  pages={759--759},
  year={2011},
  publisher={Springer}
}
@misc{dosattack,
   author = {Wikipedia},
   title = {Denial-of-Service attack},
   howpublished = {\url{https://en.wikipedia.org/wiki/Denial-of-service_attack}}
}
@misc{reflectionattack,
   author = {Wikipedia},
   title = {Reflection attack},
   howpublished = {\url{https://en.wikipedia.org/wiki/Reflection_attack}}
}
@misc{dnsamplificationattack,
   author = {Cloudflare},
   title = {DNS amplification attack},
   howpublished = {\url{https://www.cloudflare.com/learning/ddos/dns-amplification-ddos-attack}}
}
@inproceedings{de2015asymmetric,
  title={How asymmetric is the internet?},
  author={de Vries, Wouter and Santanna, Jos{\'e} Jair and Sperotto, Anna and Pras, Aiko},
  booktitle={IFIP International Conference on Autonomous Infrastructure, Management and Security},
  pages={113--125},
  year={2015},
  organization={Springer}
}
@inproceedings{wassermann2016analysis,
  title={On the analysis of internet paths with disnetperf, a distributed paths performance analyzer},
  author={Wassermann, Sarah and Casas, Pedro and Donnet, Benoit and Leduc, Guy and Mellia, Marco},
  booktitle={Local Computer Networks Workshops (LCN Workshops), 2016 IEEE 41st Conference on},
  pages={72--79},
  year={2016},
  organization={IEEE}
}
@article{hu2013general,
  title={A general framework of source address validation and traceback for IPv4/IPv6 transition scenarios},
  author={Hu, Guangwu and Xu, Ke and Wu, Jianping and Cui, Yong and Shi, Fan},
  journal={IEEE Network},
  volume={27},
  number={6},
  pages={66--73},
  year={2013},
  publisher={IEEE}
}
@article{wang2017smartfix,
  title={SmartFix: Indoor Locating Optimization Algorithm for Energy-Constrained Wearable Devices},
  author={Wang, Xiaoliang and Xu, Ke and Li, Ziwei},
  journal={Wireless Communications and Mobile Computing},
  volume={2017},
  year={2017},
  publisher={Hindawi}
}
@inproceedings{cunha2011measuring,
  title={Measuring and Characterizing End-to-End Route Dynamics in the Presence of Load Balancing.},
  author={Cunha, {\'I}talo and Teixeira, Renata and Diot, Christophe},
  booktitle={PAM},
  volume={11},
  pages={235--244},
  year={2011},
  organization={Springer}
}
@inproceedings{kang2013crossfire,
  title={The crossfire attack},
  author={Kang, Min Suk and Lee, Soo Bum and Gligor, Virgil D},
  booktitle={Security and Privacy (SP), 2013 IEEE Symposium on},
  pages={127--141},
  year={2013},
  organization={IEEE}
}
@article{miles1992causes,
  title={Causes of failure in network organizations},
  author={Miles, Raymond E and Snow, Charles C},
  journal={California management review},
  volume={34},
  number={4},
  pages={53--72},
  year={1992},
  publisher={SAGE Publications Sage CA: Los Angeles, CA}
}
@article{schrank2011anatomy,
  title={The anatomy of network failure},
  author={Schrank, Andrew and Whitford, Josh},
  journal={Sociological Theory},
  volume={29},
  number={3},
  pages={151--177},
  year={2011},
  publisher={Wiley Online Library}
}
@misc{sourcerouting,
   author = {Wikipedia},
   title = {Source Routing},
   howpublished = {\url{https://en.wikipedia.org/wiki/Source_routing, 2017}}
}